%YAML 1.1
%TAG !u! tag:unity3d.com,2011:
--- !u!1001 &100100000
Prefab:
  m_ObjectHideFlags: 1
  serializedVersion: 2
  m_Modification:
    m_TransformParent: {fileID: 0}
    m_Modifications: []
    m_RemovedComponents: []
  m_ParentPrefab: {fileID: 0}
  m_RootGameObject: {fileID: 1969411605986448}
  m_IsPrefabParent: 1
--- !u!1 &1010743382117710
GameObject:
  m_ObjectHideFlags: 0
  m_PrefabParentObject: {fileID: 0}
  m_PrefabInternal: {fileID: 100100000}
  serializedVersion: 5
  m_Component:
  - component: {fileID: 4155106065767202}
  - component: {fileID: 65748540675177926}
  m_Layer: 0
  m_Name: collider (5)
  m_TagString: Untagged
  m_Icon: {fileID: 0}
  m_NavMeshLayer: 0
  m_StaticEditorFlags: 0
  m_IsActive: 1
--- !u!1 &1257427399446810
GameObject:
  m_ObjectHideFlags: 0
  m_PrefabParentObject: {fileID: 0}
  m_PrefabInternal: {fileID: 100100000}
  serializedVersion: 5
  m_Component:
  - component: {fileID: 4326318489649204}
  - component: {fileID: 65026916673615774}
  m_Layer: 0
  m_Name: fin (2)
  m_TagString: Untagged
  m_Icon: {fileID: 0}
  m_NavMeshLayer: 0
  m_StaticEditorFlags: 0
  m_IsActive: 1
--- !u!1 &1364308317109068
GameObject:
  m_ObjectHideFlags: 0
  m_PrefabParentObject: {fileID: 0}
  m_PrefabInternal: {fileID: 100100000}
  serializedVersion: 5
  m_Component:
  - component: {fileID: 4745257988746442}
  - component: {fileID: 65884557291453944}
  m_Layer: 0
  m_Name: collider(0)
  m_TagString: Untagged
  m_Icon: {fileID: 0}
  m_NavMeshLayer: 0
  m_StaticEditorFlags: 0
  m_IsActive: 1
--- !u!1 &1373603648358186
GameObject:
  m_ObjectHideFlags: 0
  m_PrefabParentObject: {fileID: 0}
  m_PrefabInternal: {fileID: 100100000}
  serializedVersion: 5
  m_Component:
  - component: {fileID: 4427521242806844}
  - component: {fileID: 65730166464086704}
  m_Layer: 0
  m_Name: collider (6)
  m_TagString: Untagged
  m_Icon: {fileID: 0}
  m_NavMeshLayer: 0
  m_StaticEditorFlags: 0
  m_IsActive: 1
--- !u!1 &1473611211229452
GameObject:
  m_ObjectHideFlags: 0
  m_PrefabParentObject: {fileID: 0}
  m_PrefabInternal: {fileID: 100100000}
  serializedVersion: 5
  m_Component:
  - component: {fileID: 4190941928395604}
  - component: {fileID: 65612846889986074}
  m_Layer: 0
  m_Name: collider (1)
  m_TagString: Untagged
  m_Icon: {fileID: 0}
  m_NavMeshLayer: 0
  m_StaticEditorFlags: 0
  m_IsActive: 1
--- !u!1 &1488418373290102
GameObject:
  m_ObjectHideFlags: 0
  m_PrefabParentObject: {fileID: 0}
  m_PrefabInternal: {fileID: 100100000}
  serializedVersion: 5
  m_Component:
  - component: {fileID: 4773485896185412}
  - component: {fileID: 65607017701541916}
  m_Layer: 0
  m_Name: fin (3)
  m_TagString: Untagged
  m_Icon: {fileID: 0}
  m_NavMeshLayer: 0
  m_StaticEditorFlags: 0
  m_IsActive: 1
--- !u!1 &1505646807702160
GameObject:
  m_ObjectHideFlags: 0
  m_PrefabParentObject: {fileID: 0}
  m_PrefabInternal: {fileID: 100100000}
  serializedVersion: 5
  m_Component:
  - component: {fileID: 4944143274562644}
  - component: {fileID: 65986769422448958}
  m_Layer: 0
  m_Name: collider (7)
  m_TagString: Untagged
  m_Icon: {fileID: 0}
  m_NavMeshLayer: 0
  m_StaticEditorFlags: 0
  m_IsActive: 1
--- !u!1 &1525301536485594
GameObject:
  m_ObjectHideFlags: 0
  m_PrefabParentObject: {fileID: 0}
  m_PrefabInternal: {fileID: 100100000}
  serializedVersion: 5
  m_Component:
  - component: {fileID: 4468062287539560}
  - component: {fileID: 65818184725315900}
  m_Layer: 0
  m_Name: top (1)
  m_TagString: Untagged
  m_Icon: {fileID: 0}
  m_NavMeshLayer: 0
  m_StaticEditorFlags: 0
  m_IsActive: 1
--- !u!1 &1596077910336062
GameObject:
  m_ObjectHideFlags: 0
  m_PrefabParentObject: {fileID: 0}
  m_PrefabInternal: {fileID: 100100000}
  serializedVersion: 5
  m_Component:
  - component: {fileID: 4095665894182216}
  - component: {fileID: 65268887586779882}
  m_Layer: 0
  m_Name: collider (2)
  m_TagString: Untagged
  m_Icon: {fileID: 0}
  m_NavMeshLayer: 0
  m_StaticEditorFlags: 0
  m_IsActive: 1
--- !u!1 &1707606721199282
GameObject:
  m_ObjectHideFlags: 0
  m_PrefabParentObject: {fileID: 0}
  m_PrefabInternal: {fileID: 100100000}
  serializedVersion: 5
  m_Component:
  - component: {fileID: 4474145928471200}
  - component: {fileID: 65734362999476052}
  m_Layer: 0
  m_Name: fin (1)
  m_TagString: Untagged
  m_Icon: {fileID: 0}
  m_NavMeshLayer: 0
  m_StaticEditorFlags: 0
  m_IsActive: 1
--- !u!1 &1713709748424884
GameObject:
  m_ObjectHideFlags: 0
  m_PrefabParentObject: {fileID: 0}
  m_PrefabInternal: {fileID: 100100000}
  serializedVersion: 5
  m_Component:
  - component: {fileID: 4067945880420350}
  - component: {fileID: 65642179867922010}
  m_Layer: 0
  m_Name: top (0)
  m_TagString: Untagged
  m_Icon: {fileID: 0}
  m_NavMeshLayer: 0
  m_StaticEditorFlags: 0
  m_IsActive: 1
--- !u!1 &1766173883762058
GameObject:
  m_ObjectHideFlags: 0
  m_PrefabParentObject: {fileID: 0}
  m_PrefabInternal: {fileID: 100100000}
  serializedVersion: 5
  m_Component:
  - component: {fileID: 4108869261333422}
  - component: {fileID: 65757045198711308}
  m_Layer: 0
  m_Name: top (3)
  m_TagString: Untagged
  m_Icon: {fileID: 0}
  m_NavMeshLayer: 0
  m_StaticEditorFlags: 0
  m_IsActive: 1
--- !u!1 &1773231836963830
GameObject:
  m_ObjectHideFlags: 0
  m_PrefabParentObject: {fileID: 0}
  m_PrefabInternal: {fileID: 100100000}
  serializedVersion: 5
  m_Component:
  - component: {fileID: 4992187401823602}
  - component: {fileID: 65922131624803090}
  m_Layer: 0
  m_Name: collider (3)
  m_TagString: Untagged
  m_Icon: {fileID: 0}
  m_NavMeshLayer: 0
  m_StaticEditorFlags: 0
  m_IsActive: 1
--- !u!1 &1816941387717218
GameObject:
  m_ObjectHideFlags: 0
  m_PrefabParentObject: {fileID: 0}
  m_PrefabInternal: {fileID: 100100000}
  serializedVersion: 5
  m_Component:
  - component: {fileID: 4687991004697160}
  - component: {fileID: 65785005351278280}
  m_Layer: 0
  m_Name: top (2)
  m_TagString: Untagged
  m_Icon: {fileID: 0}
  m_NavMeshLayer: 0
  m_StaticEditorFlags: 0
  m_IsActive: 1
--- !u!1 &1893907893373446
GameObject:
  m_ObjectHideFlags: 0
  m_PrefabParentObject: {fileID: 0}
  m_PrefabInternal: {fileID: 100100000}
  serializedVersion: 5
  m_Component:
  - component: {fileID: 4763188181580282}
  - component: {fileID: 65834456532345942}
  m_Layer: 0
  m_Name: fin(0)
  m_TagString: Untagged
  m_Icon: {fileID: 0}
  m_NavMeshLayer: 0
  m_StaticEditorFlags: 0
  m_IsActive: 1
--- !u!1 &1931804787302170
GameObject:
  m_ObjectHideFlags: 0
  m_PrefabParentObject: {fileID: 0}
  m_PrefabInternal: {fileID: 100100000}
  serializedVersion: 5
  m_Component:
  - component: {fileID: 4453253716180934}
  - component: {fileID: 65767346411650674}
  m_Layer: 0
  m_Name: collider (4)
  m_TagString: Untagged
  m_Icon: {fileID: 0}
  m_NavMeshLayer: 0
  m_StaticEditorFlags: 0
  m_IsActive: 1
--- !u!1 &1969411605986448
GameObject:
  m_ObjectHideFlags: 0
  m_PrefabParentObject: {fileID: 0}
  m_PrefabInternal: {fileID: 100100000}
  serializedVersion: 5
  m_Component:
  - component: {fileID: 4902687141439434}
  - component: {fileID: 33624309612772260}
  - component: {fileID: 23702566998511778}
  - component: {fileID: 95528153267957658}
  - component: {fileID: 54267238209124334}
  m_Layer: 0
  m_Name: base
  m_TagString: Untagged
  m_Icon: {fileID: 0}
  m_NavMeshLayer: 0
  m_StaticEditorFlags: 0
  m_IsActive: 1
--- !u!4 &4067945880420350
Transform:
  m_ObjectHideFlags: 1
  m_PrefabParentObject: {fileID: 0}
  m_PrefabInternal: {fileID: 100100000}
  m_GameObject: {fileID: 1713709748424884}
  m_LocalRotation: {x: 0.00000005960464, y: -0.000000074505806, z: 0.82893735, w: 0.55934155}
  m_LocalPosition: {x: 0.01, y: 0.002, z: 0.009}
  m_LocalScale: {x: 1.4632039, y: 0.5884678, z: 0.10778926}
  m_Children: []
  m_Father: {fileID: 4902687141439434}
  m_RootOrder: 12
  m_LocalEulerAnglesHint: {x: 0, y: 0, z: 111.979004}
--- !u!4 &4095665894182216
Transform:
  m_ObjectHideFlags: 1
  m_PrefabParentObject: {fileID: 0}
  m_PrefabInternal: {fileID: 100100000}
  m_GameObject: {fileID: 1596077910336062}
  m_LocalRotation: {x: -0, y: -0, z: -0.8318135, w: 0.55505526}
  m_LocalPosition: {x: -0.324, y: -0.764, z: -0.547}
  m_LocalScale: {x: 0.18750004, y: 0.74553025, z: 1.0125004}
  m_Children: []
  m_Father: {fileID: 4902687141439434}
  m_RootOrder: 2
  m_LocalEulerAnglesHint: {x: 0, y: 0, z: -112.57101}
--- !u!4 &4108869261333422
Transform:
  m_ObjectHideFlags: 1
  m_PrefabParentObject: {fileID: 0}
  m_PrefabInternal: {fileID: 100100000}
  m_GameObject: {fileID: 1766173883762058}
  m_LocalRotation: {x: -0, y: 0.000000037252903, z: -0.1937308, w: 0.9810548}
  m_LocalPosition: {x: 0.001, y: -0.002, z: 0.009}
  m_LocalScale: {x: 1.4632, y: 0.61029047, z: 0.10779007}
  m_Children: []
  m_Father: {fileID: 4902687141439434}
  m_RootOrder: 15
  m_LocalEulerAnglesHint: {x: 0, y: 0, z: -22.341002}
--- !u!4 &4155106065767202
Transform:
  m_ObjectHideFlags: 1
  m_PrefabParentObject: {fileID: 0}
  m_PrefabInternal: {fileID: 100100000}
  m_GameObject: {fileID: 1010743382117710}
  m_LocalRotation: {x: -0.000000089406946, y: 0.000000089406946, z: -0.8302879, w: -0.5573348}
  m_LocalPosition: {x: -0.309, y: 0.76, z: -0.547}
  m_LocalScale: {x: 0.1875003, y: 0.74553084, z: 1.0125008}
  m_Children: []
  m_Father: {fileID: 4902687141439434}
  m_RootOrder: 5
  m_LocalEulerAnglesHint: {x: 0, y: 0, z: -247.743}
--- !u!4 &4190941928395604
Transform:
  m_ObjectHideFlags: 1
  m_PrefabParentObject: {fileID: 0}
  m_PrefabInternal: {fileID: 100100000}
  m_GameObject: {fileID: 1473611211229452}
  m_LocalRotation: {x: -0, y: -0, z: -0.55109847, w: 0.83444023}
  m_LocalPosition: {x: 0.317, y: -0.766, z: -0.547}
  m_LocalScale: {x: 0.1875, y: 0.7455302, z: 1.0125004}
  m_Children: []
  m_Father: {fileID: 4902687141439434}
  m_RootOrder: 1
  m_LocalEulerAnglesHint: {x: 0, y: 0, z: -66.885}
--- !u!4 &4326318489649204
Transform:
  m_ObjectHideFlags: 1
  m_PrefabParentObject: {fileID: 0}
  m_PrefabInternal: {fileID: 100100000}
  m_GameObject: {fileID: 1257427399446810}
  m_LocalRotation: {x: 0.000000029802326, y: -0.000000089406974, z: 0.82893735, w: 0.5593415}
  m_LocalPosition: {x: -1.081, y: -0.447, z: -0.659}
  m_LocalScale: {x: 0.7562499, y: 0.4956604, z: 1.0000007}
  m_Children: []
  m_Father: {fileID: 4902687141439434}
  m_RootOrder: 10
  m_LocalEulerAnglesHint: {x: 0, y: 0, z: 111.979004}
--- !u!4 &4427521242806844
Transform:
  m_ObjectHideFlags: 1
  m_PrefabParentObject: {fileID: 0}
  m_PrefabInternal: {fileID: 100100000}
  m_GameObject: {fileID: 1373603648358186}
  m_LocalRotation: {x: -0.00000008940696, y: 0.00000008940696, z: -0.5558557, w: -0.8312788}
  m_LocalPosition: {x: 0.32, y: 0.757, z: -0.547}
  m_LocalScale: {x: 0.18750018, y: 0.7455305, z: 1.0125008}
  m_Children: []
  m_Father: {fileID: 4902687141439434}
  m_RootOrder: 6
  m_LocalEulerAnglesHint: {x: 0, y: 0, z: -292.461}
--- !u!4 &4453253716180934
Transform:
  m_ObjectHideFlags: 1
  m_PrefabParentObject: {fileID: 0}
  m_PrefabInternal: {fileID: 100100000}
  m_GameObject: {fileID: 1931804787302170}
  m_LocalRotation: {x: -0.00000008195638, y: -0, z: -0.9792477, w: -0.20266753}
  m_LocalPosition: {x: -0.766, y: 0.328, z: -0.547}
  m_LocalScale: {x: 0.1875003, y: 0.74553066, z: 1.0125008}
  m_Children: []
  m_Father: {fileID: 4902687141439434}
  m_RootOrder: 4
  m_LocalEulerAnglesHint: {x: 0, y: 0, z: -203.38599}
--- !u!4 &4468062287539560
Transform:
  m_ObjectHideFlags: 1
  m_PrefabParentObject: {fileID: 0}
  m_PrefabInternal: {fileID: 100100000}
  m_GameObject: {fileID: 1525301536485594}
  m_LocalRotation: {x: 0.000000029802326, y: -0.000000044703487, z: 0.55798805, w: 0.82984906}
  m_LocalPosition: {x: -0.0020000003, y: -0.0030000005, z: 0.009}
  m_LocalScale: {x: 1.4632008, y: 0.6058574, z: 0.10779007}
  m_Children: []
  m_Father: {fileID: 4902687141439434}
  m_RootOrder: 13
  m_LocalEulerAnglesHint: {x: 0, y: 0, z: 67.834}
--- !u!4 &4474145928471200
Transform:
  m_ObjectHideFlags: 1
  m_PrefabParentObject: {fileID: 0}
  m_PrefabInternal: {fileID: 100100000}
  m_GameObject: {fileID: 1707606721199282}
  m_LocalRotation: {x: -0, y: -0.000000007450581, z: 0.19244075, w: 0.98130864}
  m_LocalPosition: {x: -0.45, y: 1.087, z: -0.654}
  m_LocalScale: {x: 0.75624996, y: 0.49566013, z: 1}
  m_Children: []
  m_Father: {fileID: 4902687141439434}
  m_RootOrder: 9
  m_LocalEulerAnglesHint: {x: 0, y: 0, z: 22.191002}
--- !u!4 &4687991004697160
Transform:
  m_ObjectHideFlags: 1
  m_PrefabParentObject: {fileID: 0}
  m_PrefabInternal: {fileID: 100100000}
  m_GameObject: {fileID: 1816941387717218}
  m_LocalRotation: {x: -0, y: 0.0000000074505797, z: 0.18980853, w: 0.9818212}
  m_LocalPosition: {x: 0.001, y: -0.011, z: 0.009}
  m_LocalScale: {x: 1.4632002, y: 0.610288, z: 0.107790045}
  m_Children: []
  m_Father: {fileID: 4902687141439434}
  m_RootOrder: 14
  m_LocalEulerAnglesHint: {x: 0, y: 0, z: 21.883001}
--- !u!4 &4745257988746442
Transform:
  m_ObjectHideFlags: 1
  m_PrefabParentObject: {fileID: 0}
  m_PrefabInternal: {fileID: 100100000}
  m_GameObject: {fileID: 1364308317109068}
  m_LocalRotation: {x: -0, y: -0, z: -0.20029609, w: 0.97973543}
  m_LocalPosition: {x: 0.772, y: -0.313, z: -0.547}
  m_LocalScale: {x: 0.18749999, y: 0.74552995, z: 1.0125002}
  m_Children: []
  m_Father: {fileID: 4902687141439434}
  m_RootOrder: 0
  m_LocalEulerAnglesHint: {x: 0, y: 0, z: -23.109001}
--- !u!4 &4763188181580282
Transform:
  m_ObjectHideFlags: 1
  m_PrefabParentObject: {fileID: 0}
  m_PrefabInternal: {fileID: 100100000}
  m_GameObject: {fileID: 1893907893373446}
  m_LocalRotation: {x: -0, y: 0.00000000745058, z: 0.19244075, w: 0.98130864}
  m_LocalPosition: {x: 0.447, y: -1.087, z: -0.659}
  m_LocalScale: {x: 0.75625485, y: 0.4956639, z: 1}
  m_Children: []
  m_Father: {fileID: 4902687141439434}
  m_RootOrder: 8
  m_LocalEulerAnglesHint: {x: 0, y: 0, z: 22.191002}
--- !u!4 &4773485896185412
Transform:
  m_ObjectHideFlags: 1
  m_PrefabParentObject: {fileID: 0}
  m_PrefabInternal: {fileID: 100100000}
  m_GameObject: {fileID: 1488418373290102}
  m_LocalRotation: {x: 0.00000002980232, y: -0.00000008195639, z: 0.82893735, w: 0.55934155}
  m_LocalPosition: {x: 1.086, y: 0.446, z: -0.659}
  m_LocalScale: {x: 0.7562503, y: 0.49566016, z: 1.0000004}
  m_Children: []
  m_Father: {fileID: 4902687141439434}
  m_RootOrder: 11
  m_LocalEulerAnglesHint: {x: 0, y: 0, z: 111.979004}
--- !u!4 &4902687141439434
Transform:
  m_ObjectHideFlags: 1
  m_PrefabParentObject: {fileID: 0}
  m_PrefabInternal: {fileID: 100100000}
  m_GameObject: {fileID: 1969411605986448}
  m_LocalRotation: {x: -0.69367653, y: -0.13716012, z: -0.1371601, w: 0.69367653}
  m_LocalPosition: {x: -0, y: 0, z: 0}
  m_LocalScale: {x: 1, y: 1, z: 1}
  m_Children:
  - {fileID: 4745257988746442}
  - {fileID: 4190941928395604}
  - {fileID: 4095665894182216}
  - {fileID: 4992187401823602}
  - {fileID: 4453253716180934}
  - {fileID: 4155106065767202}
  - {fileID: 4427521242806844}
  - {fileID: 4944143274562644}
  - {fileID: 4763188181580282}
  - {fileID: 4474145928471200}
  - {fileID: 4326318489649204}
  - {fileID: 4773485896185412}
  - {fileID: 4067945880420350}
  - {fileID: 4468062287539560}
  - {fileID: 4687991004697160}
  - {fileID: 4108869261333422}
  m_Father: {fileID: 0}
  m_RootOrder: 0
  m_LocalEulerAnglesHint: {x: -90.00001, y: 0, z: -22.37}
--- !u!4 &4944143274562644
Transform:
  m_ObjectHideFlags: 1
  m_PrefabParentObject: {fileID: 0}
  m_PrefabInternal: {fileID: 100100000}
  m_GameObject: {fileID: 1505646807702160}
  m_LocalRotation: {x: -0.00000005960463, y: 0.000000081956365, z: -0.19895051, w: -0.98000956}
  m_LocalPosition: {x: 0.766, y: 0.315, z: -0.547}
  m_LocalScale: {x: 0.18750003, y: 0.74553025, z: 1.0125004}
  m_Children: []
  m_Father: {fileID: 4902687141439434}
  m_RootOrder: 7
  m_LocalEulerAnglesHint: {x: 0, y: 0, z: -337.049}
--- !u!4 &4992187401823602
Transform:
  m_ObjectHideFlags: 1
  m_PrefabParentObject: {fileID: 0}
  m_PrefabInternal: {fileID: 100100000}
  m_GameObject: {fileID: 1773231836963830}
  m_LocalRotation: {x: -0.000000022351742, y: -0, z: -0.980544, w: 0.19629979}
  m_LocalPosition: {x: -0.761, y: -0.319, z: -0.547}
  m_LocalScale: {x: 0.1875002, y: 0.7455306, z: 1.0125008}
  m_Children: []
  m_Father: {fileID: 4902687141439434}
  m_RootOrder: 3
  m_LocalEulerAnglesHint: {x: 0, y: 0, z: -157.35901}
--- !u!23 &23702566998511778
MeshRenderer:
  m_ObjectHideFlags: 1
  m_PrefabParentObject: {fileID: 0}
  m_PrefabInternal: {fileID: 100100000}
  m_GameObject: {fileID: 1969411605986448}
  m_Enabled: 1
  m_CastShadows: 1
  m_ReceiveShadows: 1
  m_MotionVectors: 1
  m_LightProbeUsage: 1
  m_ReflectionProbeUsage: 1
  m_Materials:
  - {fileID: 2100000, guid: 6c77af9566a62dd40ac219bfae8bc7e4, type: 2}
  m_StaticBatchInfo:
    firstSubMesh: 0
    subMeshCount: 0
  m_StaticBatchRoot: {fileID: 0}
  m_ProbeAnchor: {fileID: 0}
  m_LightProbeVolumeOverride: {fileID: 0}
  m_ScaleInLightmap: 1
  m_PreserveUVs: 0
  m_IgnoreNormalsForChartDetection: 0
  m_ImportantGI: 0
  m_SelectedEditorRenderState: 3
  m_MinimumChartSize: 4
  m_AutoUVMaxDistance: 0.5
  m_AutoUVMaxAngle: 89
  m_LightmapParameters: {fileID: 0}
  m_SortingLayerID: 0
  m_SortingLayer: 0
  m_SortingOrder: 0
--- !u!33 &33624309612772260
MeshFilter:
  m_ObjectHideFlags: 1
  m_PrefabParentObject: {fileID: 0}
  m_PrefabInternal: {fileID: 100100000}
  m_GameObject: {fileID: 1969411605986448}
  m_Mesh: {fileID: 4300000, guid: c2a9e31b76ac0df469ccc9834b98b9a5, type: 3}
--- !u!54 &54267238209124334
Rigidbody:
  m_ObjectHideFlags: 1
  m_PrefabParentObject: {fileID: 0}
  m_PrefabInternal: {fileID: 100100000}
  m_GameObject: {fileID: 1969411605986448}
  serializedVersion: 2
  m_Mass: 10
  m_Drag: 0
  m_AngularDrag: 0.05
  m_UseGravity: 1
  m_IsKinematic: 0
  m_Interpolate: 0
  m_Constraints: 0
  m_CollisionDetection: 0
--- !u!65 &65026916673615774
BoxCollider:
  m_ObjectHideFlags: 1
  m_PrefabParentObject: {fileID: 0}
  m_PrefabInternal: {fileID: 100100000}
  m_GameObject: {fileID: 1257427399446810}
  m_Material: {fileID: 0}
  m_IsTrigger: 0
  m_Enabled: 1
  serializedVersion: 2
  m_Size: {x: 0.9999998, y: 1, z: 0.903102}
  m_Center: {x: 0.0000000057156546, y: 0.000000018291665, z: 0.04844905}
--- !u!65 &65268887586779882
BoxCollider:
  m_ObjectHideFlags: 1
  m_PrefabParentObject: {fileID: 0}
  m_PrefabInternal: {fileID: 100100000}
  m_GameObject: {fileID: 1596077910336062}
  m_Material: {fileID: 0}
  m_IsTrigger: 0
  m_Enabled: 1
  serializedVersion: 2
  m_Size: {x: 1, y: 1, z: 1}
  m_Center: {x: 0, y: 0, z: 0}
--- !u!65 &65607017701541916
BoxCollider:
  m_ObjectHideFlags: 1
  m_PrefabParentObject: {fileID: 0}
  m_PrefabInternal: {fileID: 100100000}
  m_GameObject: {fileID: 1488418373290102}
  m_Material: {fileID: 0}
  m_IsTrigger: 0
  m_Enabled: 1
  serializedVersion: 2
  m_Size: {x: 0.9999998, y: 1, z: 0.903102}
  m_Center: {x: 0.0000000057156546, y: 0.000000018291665, z: 0.04844905}
--- !u!65 &65612846889986074
BoxCollider:
  m_ObjectHideFlags: 1
  m_PrefabParentObject: {fileID: 0}
  m_PrefabInternal: {fileID: 100100000}
  m_GameObject: {fileID: 1473611211229452}
  m_Material: {fileID: 0}
  m_IsTrigger: 0
  m_Enabled: 1
  serializedVersion: 2
  m_Size: {x: 1, y: 1, z: 1}
  m_Center: {x: 0, y: 0, z: 0}
--- !u!65 &65642179867922010
BoxCollider:
  m_ObjectHideFlags: 1
  m_PrefabParentObject: {fileID: 0}
  m_PrefabInternal: {fileID: 100100000}
  m_GameObject: {fileID: 1713709748424884}
  m_Material: {fileID: 0}
  m_IsTrigger: 0
  m_Enabled: 1
  serializedVersion: 2
  m_Size: {x: 0.9999998, y: 1, z: 0.903102}
  m_Center: {x: 0.0000000057156546, y: 0.000000018291665, z: 0.04844905}
--- !u!65 &65730166464086704
BoxCollider:
  m_ObjectHideFlags: 1
  m_PrefabParentObject: {fileID: 0}
  m_PrefabInternal: {fileID: 100100000}
  m_GameObject: {fileID: 1373603648358186}
  m_Material: {fileID: 0}
  m_IsTrigger: 0
  m_Enabled: 1
  serializedVersion: 2
  m_Size: {x: 1, y: 1, z: 1}
  m_Center: {x: 0, y: 0, z: 0}
--- !u!65 &65734362999476052
BoxCollider:
  m_ObjectHideFlags: 1
  m_PrefabParentObject: {fileID: 0}
  m_PrefabInternal: {fileID: 100100000}
  m_GameObject: {fileID: 1707606721199282}
  m_Material: {fileID: 0}
  m_IsTrigger: 0
  m_Enabled: 1
  serializedVersion: 2
  m_Size: {x: 0.9999998, y: 1, z: 0.903102}
  m_Center: {x: 0.0000000057156546, y: 0.000000018291665, z: 0.04844905}
--- !u!65 &65748540675177926
BoxCollider:
  m_ObjectHideFlags: 1
  m_PrefabParentObject: {fileID: 0}
  m_PrefabInternal: {fileID: 100100000}
  m_GameObject: {fileID: 1010743382117710}
  m_Material: {fileID: 0}
  m_IsTrigger: 0
  m_Enabled: 1
  serializedVersion: 2
  m_Size: {x: 1, y: 1, z: 1}
  m_Center: {x: 0, y: 0, z: 0}
--- !u!65 &65757045198711308
BoxCollider:
  m_ObjectHideFlags: 1
  m_PrefabParentObject: {fileID: 0}
  m_PrefabInternal: {fileID: 100100000}
  m_GameObject: {fileID: 1766173883762058}
  m_Material: {fileID: 0}
  m_IsTrigger: 0
  m_Enabled: 1
  serializedVersion: 2
  m_Size: {x: 0.9999998, y: 1, z: 0.903102}
  m_Center: {x: 0.0000000057156546, y: 0.000000018291665, z: 0.04844905}
--- !u!65 &65767346411650674
BoxCollider:
  m_ObjectHideFlags: 1
  m_PrefabParentObject: {fileID: 0}
  m_PrefabInternal: {fileID: 100100000}
  m_GameObject: {fileID: 1931804787302170}
  m_Material: {fileID: 0}
  m_IsTrigger: 0
  m_Enabled: 1
  serializedVersion: 2
  m_Size: {x: 1, y: 1, z: 1}
  m_Center: {x: 0, y: 0, z: 0}
--- !u!65 &65785005351278280
BoxCollider:
  m_ObjectHideFlags: 1
  m_PrefabParentObject: {fileID: 0}
  m_PrefabInternal: {fileID: 100100000}
  m_GameObject: {fileID: 1816941387717218}
  m_Material: {fileID: 0}
  m_IsTrigger: 0
  m_Enabled: 1
  serializedVersion: 2
  m_Size: {x: 0.9999998, y: 1, z: 0.903102}
  m_Center: {x: 0.0000000057156546, y: 0.000000018291665, z: 0.04844905}
--- !u!65 &65818184725315900
BoxCollider:
  m_ObjectHideFlags: 1
  m_PrefabParentObject: {fileID: 0}
  m_PrefabInternal: {fileID: 100100000}
  m_GameObject: {fileID: 1525301536485594}
  m_Material: {fileID: 0}
  m_IsTrigger: 0
  m_Enabled: 1
  serializedVersion: 2
  m_Size: {x: 0.9999998, y: 1, z: 0.903102}
  m_Center: {x: 0.0000000057156546, y: 0.000000018291665, z: 0.04844905}
--- !u!65 &65834456532345942
BoxCollider:
  m_ObjectHideFlags: 1
  m_PrefabParentObject: {fileID: 0}
  m_PrefabInternal: {fileID: 100100000}
  m_GameObject: {fileID: 1893907893373446}
  m_Material: {fileID: 0}
  m_IsTrigger: 0
  m_Enabled: 1
  serializedVersion: 2
  m_Size: {x: 0.9999998, y: 1, z: 0.903102}
  m_Center: {x: 0.0000000057156546, y: 0.000000018291665, z: 0.04844905}
--- !u!65 &65884557291453944
BoxCollider:
  m_ObjectHideFlags: 1
  m_PrefabParentObject: {fileID: 0}
  m_PrefabInternal: {fileID: 100100000}
  m_GameObject: {fileID: 1364308317109068}
  m_Material: {fileID: 0}
  m_IsTrigger: 0
  m_Enabled: 1
  serializedVersion: 2
  m_Size: {x: 1, y: 1, z: 1}
  m_Center: {x: 0, y: 0, z: 0}
--- !u!65 &65922131624803090
BoxCollider:
  m_ObjectHideFlags: 1
  m_PrefabParentObject: {fileID: 0}
  m_PrefabInternal: {fileID: 100100000}
  m_GameObject: {fileID: 1773231836963830}
  m_Material: {fileID: 0}
  m_IsTrigger: 0
  m_Enabled: 1
  serializedVersion: 2
  m_Size: {x: 1, y: 1, z: 1}
  m_Center: {x: 0, y: 0, z: 0}
--- !u!65 &65986769422448958
BoxCollider:
  m_ObjectHideFlags: 1
  m_PrefabParentObject: {fileID: 0}
  m_PrefabInternal: {fileID: 100100000}
  m_GameObject: {fileID: 1505646807702160}
  m_Material: {fileID: 0}
  m_IsTrigger: 0
  m_Enabled: 1
  serializedVersion: 2
  m_Size: {x: 1, y: 1, z: 1}
  m_Center: {x: 0, y: 0, z: 0}
--- !u!95 &95528153267957658
Animator:
  serializedVersion: 3
  m_ObjectHideFlags: 1
  m_PrefabParentObject: {fileID: 0}
  m_PrefabInternal: {fileID: 100100000}
  m_GameObject: {fileID: 1969411605986448}
  m_Enabled: 1
  m_Avatar: {fileID: 9000000, guid: c2a9e31b76ac0df469ccc9834b98b9a5, type: 3}
  m_Controller: {fileID: 0}
  m_CullingMode: 0
  m_UpdateMode: 0
  m_ApplyRootMotion: 0
  m_LinearVelocityBlending: 0
  m_WarningMessage: 
  m_HasTransformHierarchy: 1
  m_AllowConstantClipSamplingOptimization: 1
